<?xml version="1.0" encoding="UTF-8"?>
<record
    xmlns:xsi="http://www.w3.org/2001/XMLSchema-instance"
    xsi:schemaLocation="http://www.loc.gov/MARC21/slim http://www.loc.gov/standards/marcxml/schema/MARC21slim.xsd"
    xmlns="http://www.loc.gov/MARC21/slim">

  <leader>02197cas a2200565 ir4500</leader>
  <controlfield tag="001">174869</controlfield>
  <controlfield tag="003">FI-J</controlfield>
  <controlfield tag="005">20191018143657.0</controlfield>
  <controlfield tag="007">ta</controlfield>
  <controlfield tag="008">850402c18819999fi dr n|     |0   b0fin| </controlfield>
  <datafield tag="015" ind1=" " ind2=" ">
    <subfield code="a">fx172246</subfield>
    <subfield code="2">skl</subfield>
  </datafield>
  <datafield tag="022" ind1="0" ind2=" ">
    <subfield code="a">0355-6913</subfield>
    <subfield code="l">0355-6913</subfield>
    <subfield code="2">a</subfield>
  </datafield>
  <datafield tag="035" ind1=" " ind2=" ">
    <subfield code="a">FCC003108316</subfield>
  </datafield>
  <datafield tag="035" ind1=" " ind2=" ">
    <subfield code="a">174869</subfield>
  </datafield>
  <datafield tag="041" ind1="0" ind2=" ">
    <subfield code="a">fin</subfield>
  </datafield>
  <datafield tag="080" ind1=" " ind2=" ">
    <subfield code="a">07</subfield>
  </datafield>
  <datafield tag="210" ind1="1" ind2=" ">
    <subfield code="a">Aamulehti</subfield>
    <subfield code="b">(Pain.)</subfield>
  </datafield>
  <datafield tag="222" ind1=" " ind2="0">
    <subfield code="a">Aamulehti</subfield>
    <subfield code="b">(Painettu)</subfield>
  </datafield>
  <datafield tag="245" ind1="0" ind2="0">
    <subfield code="a">Aamulehti.</subfield>
  </datafield>
  <datafield tag="246" ind1="2" ind2="3">
    <subfield code="a">Aamulehden joululiite</subfield>
    <subfield code="f">1940</subfield>
  </datafield>
  <datafield tag="260" ind1=" " ind2=" ">
    <subfield code="a">Tampere :</subfield>
    <subfield code="b">Tampereen kirjapaino,</subfield>
    <subfield code="c">1881-</subfield>
  </datafield>
  <datafield tag="310" ind1=" " ind2=" ">
    <subfield code="a">Päivittäin.</subfield>
  </datafield>
  <datafield tag="336" ind1=" " ind2=" ">
    <subfield code="a">teksti</subfield>
    <subfield code="b">txt</subfield>
    <subfield code="2">rdacontent</subfield>
  </datafield>
  <datafield tag="337" ind1=" " ind2=" ">
    <subfield code="a">käytettävissä ilman laitetta</subfield>
    <subfield code="b">n</subfield>
    <subfield code="2">rdamedia</subfield>
  </datafield>
  <datafield tag="338" ind1=" " ind2=" ">
    <subfield code="a">nide</subfield>
    <subfield code="b">nc</subfield>
    <subfield code="2">rdacarrier</subfield>
  </datafield>
  <datafield tag="362" ind1="0" ind2=" ">
    <subfield code="a">Näytenumero 3.12.1881 ; 2.1.1882-</subfield>
  </datafield>
  <datafield tag="506" ind1="1" ind2=" ">
    <subfield code="a">Päivän lehti ja aiemmat numerot kahden vuoden ajalta ovat luettavissa sähköisenä ePress-palvelun kautta yliopiston verkkoalueella. Ei mahdollisuutta etäkäyttöön.</subfield>
    <subfield code="f">Online access with authorization</subfield>
    <subfield code="2">star</subfield>
  </datafield>
  <datafield tag="530" ind1=" " ind2=" ">
    <subfield code="a">Myös digitoituna ja mikrofilmattuna kopiona Kansalliskirjastossa. - Myös äänilehtenä 1983-.</subfield>
  </datafield>
  <datafield tag="530" ind1=" " ind2=" ">
    <subfield code="a">Käytettävissä mikrofilminä. - Myös äänilehtenä 1983-: Aamulehti (Äänite) = ISSN 1237-9085.</subfield>
  </datafield>
  <datafield tag="530" ind1=" " ind2=" ">
    <subfield code="a">Julkaistu myös verkkoaineistona.</subfield>
  </datafield>
  <datafield tag="650" ind1=" " ind2="7">
    <subfield code="a">kausijulkaisut</subfield>
    <subfield code="2">ysa</subfield>
  </datafield>
  <datafield tag="650" ind1=" " ind2="7">
    <subfield code="a">maakuntalehdet</subfield>
    <subfield code="2">ysa</subfield>
  </datafield>
  <datafield tag="650" ind1=" " ind2="7">
    <subfield code="a">aluelehdet</subfield>
    <subfield code="2">ysa</subfield>
  </datafield>
  <datafield tag="650" ind1=" " ind2="7">
    <subfield code="a">sanomalehdet</subfield>
    <subfield code="2">ysa</subfield>
  </datafield>
  <datafield tag="651" ind1=" " ind2="7">
    <subfield code="a">Pirkanmaa</subfield>
    <subfield code="2">ysa</subfield>
  </datafield>
  <datafield tag="651" ind1=" " ind2="7">
    <subfield code="a">Tampere</subfield>
    <subfield code="2">ysa</subfield>
  </datafield>
  <datafield tag="651" ind1=" " ind2="7">
    <subfield code="a">Länsi-Suomen lääni</subfield>
    <subfield code="2">ysa</subfield>
  </datafield>
  <datafield tag="651" ind1=" " ind2="7">
    <subfield code="a">Suomi</subfield>
    <subfield code="2">ysa</subfield>
  </datafield>
  <datafield tag="655" ind1=" " ind2="7">
    <subfield code="a">sanomalehdet</subfield>
    <subfield code="2">ysa</subfield>
  </datafield>
  <datafield tag="655" ind1=" " ind2="7">
    <subfield code="a">kausijulkaisut</subfield>
    <subfield code="2">ysa</subfield>
  </datafield>
  <datafield tag="770" ind1="0" ind2=" ">
    <subfield code="t">A-Tampere</subfield>
    <subfield code="x">1235-9548</subfield>
  </datafield>
  <datafield tag="770" ind1="0" ind2=" ">
    <subfield code="t">Moro</subfield>
    <subfield code="x">1238-3759</subfield>
  </datafield>
  <datafield tag="776" ind1="0" ind2=" ">
    <subfield code="t">Aamulehti</subfield>
    <subfield code="c">(Äänilehti)</subfield>
    <subfield code="x">1237-9085</subfield>
  </datafield>
  <datafield tag="776" ind1="0" ind2=" ">
    <subfield code="t">Aamulehti</subfield>
    <subfield code="c">(Verkkolehti)</subfield>
    <subfield code="x">1798-9310</subfield>
  </datafield>
  <datafield tag="776" ind1="0" ind2=" ">
    <subfield code="t">Aamulehti</subfield>
    <subfield code="c">(CD-levy)</subfield>
    <subfield code="x">2323-2579</subfield>
  </datafield>
  <datafield tag="856" ind1="4" ind2="1">
    <subfield code="u">http://digi.kansalliskirjasto.fi/sanomalehti/titles/0355-6913</subfield>
    <subfield code="y">Linkki digitoituun aineistoon</subfield>
  </datafield>
  <datafield tag="856" ind1="4" ind2="1">
    <subfield code="u">https://www.media-arkisto.com/arkisto/</subfield>
    <subfield code="z">Linkki Media-arkistoon, jossa artikkelihaku vuodesta 1994-</subfield>
  </datafield>
  <datafield tag="856" ind1="4" ind2="1">
    <subfield code="u">https://www.epress.fi/</subfield>
    <subfield code="z">ePress - viimeisen kahden vuoden numerot (ei etäkäyttöä)</subfield>
  </datafield>
  <datafield tag="942" ind1=" " ind2=" ">
    <subfield code="1">2019-10-18 14:36:57</subfield>
  </datafield>
  <datafield tag="999" ind1=" " ind2=" ">
    <subfield code="c">174869</subfield>
    <subfield code="d">174869</subfield>
  </record>